@misc{cours,
    author = "Joseph Salmon",
    title = "Advanced Linear Models HMMA307",
    year = "2020",
    url = "http://josephsalmon.eu/HMMA307.html",
}